[gd_scene load_steps=4 format=2]

[ext_resource path="res://decor/tropical/solTropical.png" type="Texture" id=1]
[ext_resource path="res://decor/tropical/coteTropical3.png" type="Texture" id=2]
[ext_resource path="res://decor/tropical/pointeTropical.png" type="Texture" id=3]

[node name="Trunk" type="Node2D"]

[node name="Center" type="Sprite" parent="."]
texture = ExtResource( 1 )

[node name="Sprite4" type="Sprite" parent="Center"]
position = Vector2( 0, 288 )
rotation = 1.5708
texture = ExtResource( 1 )

[node name="Sprite14" type="Sprite" parent="Center"]
position = Vector2( 0, -96 )
rotation = 1.5708
texture = ExtResource( 1 )

[node name="Sprite15" type="Sprite" parent="Center"]
position = Vector2( 0, -180 )
rotation = 1.5708
texture = ExtResource( 1 )

[node name="Sprite16" type="Sprite" parent="Center"]
position = Vector2( 0, -190 )
rotation = 1.5708
texture = ExtResource( 1 )

[node name="Sprite2" type="Sprite" parent="Center"]
position = Vector2( 0, 96 )
rotation = 1.5708
texture = ExtResource( 1 )

[node name="Sprite3" type="Sprite" parent="Center"]
position = Vector2( 0, 192 )
rotation = 1.5708
texture = ExtResource( 1 )

[node name="Sprite5" type="Sprite" parent="Center"]
position = Vector2( 0, 384 )
rotation = 1.5708
texture = ExtResource( 1 )

[node name="Sprite6" type="Sprite" parent="Center"]
position = Vector2( 0, 480 )
rotation = 1.5708
texture = ExtResource( 1 )

[node name="Sprite7" type="Sprite" parent="Center"]
position = Vector2( 0, 576 )
rotation = 1.5708
texture = ExtResource( 1 )

[node name="Sprite8" type="Sprite" parent="Center"]
position = Vector2( 0, 950 )
rotation = 1.5708
texture = ExtResource( 1 )

[node name="Sprite9" type="Sprite" parent="Center"]
position = Vector2( 0, 758 )
rotation = 1.5708
texture = ExtResource( 1 )

[node name="Sprite10" type="Sprite" parent="Center"]
position = Vector2( 0, 854 )
rotation = 1.5708
texture = ExtResource( 1 )

[node name="Sprite11" type="Sprite" parent="Center"]
position = Vector2( 0, 1046 )
rotation = 1.5708
texture = ExtResource( 1 )

[node name="Sprite12" type="Sprite" parent="Center"]
position = Vector2( 0, 1142 )
rotation = 1.5708
texture = ExtResource( 1 )

[node name="Sprite13" type="Sprite" parent="Center"]
position = Vector2( 0, 671 )
rotation = 1.5708
texture = ExtResource( 1 )

[node name="Bottom" type="Sprite" parent="."]
position = Vector2( 95, 1143 )
rotation = -1.5708
texture = ExtResource( 2 )

[node name="Sprite2" type="Sprite" parent="Bottom"]
position = Vector2( 96, 1.00034 )
texture = ExtResource( 2 )
flip_h = true

[node name="Top" type="Sprite" parent="."]
position = Vector2( -96, -96 )
rotation = 1.5708
texture = ExtResource( 2 )

[node name="Sprite2" type="Sprite" parent="Top"]
position = Vector2( -94, 0 )
texture = ExtResource( 2 )
flip_h = true

[node name="Top2" type="Sprite" parent="Top"]
position = Vector2( -1.52588e-05, -192 )
texture = ExtResource( 2 )
flip_v = true

[node name="Sprite2" type="Sprite" parent="Top/Top2"]
position = Vector2( -94, 0 )
texture = ExtResource( 2 )
flip_h = true
flip_v = true

[node name="Sprite" type="Sprite" parent="Top"]
position = Vector2( -189, -59 )
rotation = 1.5708
texture = ExtResource( 3 )

[node name="Sprite3" type="Sprite" parent="Top"]
position = Vector2( -190, -139 )
rotation = 1.5708
texture = ExtResource( 3 )

[node name="Sprite4" type="Sprite" parent="Top"]
position = Vector2( -236, -100 )
rotation = 1.5708
texture = ExtResource( 3 )

[node name="Sprite5" type="Sprite" parent="Top"]
position = Vector2( -140, -100 )
rotation = 1.5708
texture = ExtResource( 3 )
flip_v = true
